@Inbook{Wille1982,
author="Wille, Rudolf",
editor="Rival, Ivan",
title="Restructuring Lattice Theory: An Approach Based on Hierarchies of Concepts",
bookTitle="Ordered Sets: Proceedings of the NATO Advanced Study Institute held at Banff, Canada, August 28 to September 12, 1981",
year="1982",
publisher="Springer Netherlands",
address="Dordrecht",
pages="445--470",
isbn="978-94-009-7798-3",
doi="10.1007/978-94-009-7798-3_15",
url="http://dx.doi.org/10.1007/978-94-009-7798-3_15"
}

@inproceedings{Litos2006Synchronous,
	title={Synchronous Image Acquisition based on Network Synchronization},
	author={Litos, Georgios and Zabulis, Xenophon and Triantafyllidis, Georgios},
	booktitle={Conference on Computer Vision \& Pattern Recognition Workshop},
	year={2006},
}

@INPROCEEDINGS{1,
	author={h. {Hu} and J. {Wu} and Z. {Xiong}},
	booktitle={2018 IEEE/ASME International Conference on Advanced Intelligent Mechatronics (AIM)},
	title={A Soft Time Synchronization Framework for Multi-Sensors in Autonomous Localization and Navigation},
	year={2018},
	volume={},
	number={},
	pages={694-699},
	keywords={cameras;Global Positioning System;mobile robots;optical radar;synchronisation;soft time synchronization framework;multisensors;autonomous localization;ROS node;hardware trigger based synchronization;sensor messages;ROS synchronizer;autonomous navigation;color camera;3D LIDAR;RTK-GPS devices;Synchronization;Sensors;Global Positioning System;Cameras;Hardware;Laser radar;soft synchronizaiotn framework;ROS node;camera;LIDAR;RTK-GPS;time stamp;low latency;low synchronization error},
	doi={10.1109/AIM.2018.8452384},
	ISSN={},
	month={July},}

@ARTICLE{Geiger2013IJRR,
	author = {Andreas Geiger and Philip Lenz and Christoph Stiller and Raquel Urtasun},
	title = {Vision meets Robotics: The KITTI Dataset},
	journal = {International Journal of Robotics Research (IJRR)},
	year = {2013}
} 

@article{Olson2010A,
	title={A passive solution to the sensor synchronization problem},
	author={Olson, E.},
	year={2010},
}

@INPROCEEDINGS{Fritsch2013ITSC,
	author = {Jannik Fritsch and Tobias Kuehnl and Andreas Geiger},
	title = {A New Performance Measure and Evaluation Benchmark for Road Detection Algorithms},
	booktitle = {International Conference on Intelligent Transportation Systems (ITSC)},
	year = {2013}
} 

@article{Amundson2006Time,
	title={Time synchronization for multi-modal target tracking in heterogeneous sensor networks},
	author={Amundson, Isaac and Kushwaha, Manish and Kusy, Branislav and Volgyesi, Peter and Simon, Gyula and Koutsoukos, Xenofon and Ledeczi, Akos},
	journal={Social Science Electronic Publishing},
	volume={11},
	number={2},
	pages={152-4},
	year={2006},
}

@INPROCEEDINGS{8074435,
	author={X. {Ding} and P. {Tao}},
	booktitle={2016 13th International Conference on Embedded Software and Systems (ICESS)},
	title={Synchronization Detection of Multicamera System Based on LED Matrix},
	year={2016},
	volume={},
	number={},
	pages={18-23},
	keywords={cameras;field programmable gate arrays;image sensors;light emitting diodes;object detection;synchronisation;high precision method;synchronization accuracy;carry-flowing encoding method;capture time;relative time interval;four-camera synchronization system;multicamera detection method;synchronization detection;nonsynchronous multicamera system;FPGA based LED matrix;LEDs combination states;Cameras;Synchronization;Light emitting diodes;Detectors;Servers;Hardware;Field programmable gate arrays;synchronization;detection;multicamera;LED matrix},
	doi={10.1109/ICESS.2016.13},
	ISSN={null},
	month={Aug},}